%YAML 1.1
%TAG !u! tag:unity3d.com,2011:
--- !u!1001 &100100000
Prefab:
  m_ObjectHideFlags: 1
  serializedVersion: 2
  m_Modification:
    m_TransformParent: {fileID: 0}
    m_Modifications: []
    m_RemovedComponents: []
  m_ParentPrefab: {fileID: 0}
  m_RootGameObject: {fileID: 1000011005232956}
  m_IsPrefabParent: 1
--- !u!1 &1000011005232956
GameObject:
  m_ObjectHideFlags: 0
  m_PrefabParentObject: {fileID: 0}
  m_PrefabInternal: {fileID: 100100000}
  serializedVersion: 4
  m_Component:
  - 4: {fileID: 4000010844114548}
  - 114: {fileID: 114000011097475610}
  - 114: {fileID: 114000010706854296}
  m_Layer: 0
  m_Name: NetworkManager
  m_TagString: NetworkManager
  m_Icon: {fileID: 0}
  m_NavMeshLayer: 0
  m_StaticEditorFlags: 0
  m_IsActive: 1
--- !u!4 &4000010844114548
Transform:
  m_ObjectHideFlags: 1
  m_PrefabParentObject: {fileID: 0}
  m_PrefabInternal: {fileID: 100100000}
  m_GameObject: {fileID: 1000011005232956}
  m_LocalRotation: {x: 0, y: 0, z: 0, w: 1}
  m_LocalPosition: {x: 0, y: 0, z: 0}
  m_LocalScale: {x: 1, y: 1, z: 1}
  m_LocalEulerAnglesHint: {x: 0, y: 0, z: 0}
  m_Children: []
  m_Father: {fileID: 0}
  m_RootOrder: 0
--- !u!114 &114000010706854296
MonoBehaviour:
  m_ObjectHideFlags: 1
  m_PrefabParentObject: {fileID: 0}
  m_PrefabInternal: {fileID: 100100000}
  m_GameObject: {fileID: 1000011005232956}
  m_Enabled: 1
  m_EditorHideFlags: 0
  m_Script: {fileID: 11500000, guid: aa584fbee541324448dd18d8409c7a41, type: 3}
  m_Name: 
  m_EditorClassIdentifier: 
  ownerId: 0
  group: 0
  prefixBackup: -1
  observed: {fileID: 0}
  synchronization: 0
  onSerializeTransformOption: 3
  onSerializeRigidBodyOption: 2
  ownershipTransfer: 0
  ObservedComponents:
  - {fileID: 0}
  ObservedComponentsFoldoutOpen: 1
  viewIdField: 0
  instantiationId: -1
  isRuntimeInstantiated: 0
--- !u!114 &114000011097475610
MonoBehaviour:
  m_ObjectHideFlags: 1
  m_PrefabParentObject: {fileID: 0}
  m_PrefabInternal: {fileID: 100100000}
  m_GameObject: {fileID: 1000011005232956}
  m_Enabled: 1
  m_EditorHideFlags: 0
  m_Script: {fileID: 11500000, guid: 2156d80b349fa35478f6b464a9c4b028, type: 3}
  m_Name: 
  m_EditorClassIdentifier: 
  connectionText: {fileID: 0}
  sceneCamera: {fileID: 0}
  lobbyWindow: {fileID: 0}
  playerName: {fileID: 0}
  roomName: {fileID: 0}
  roomList: {fileID: 0}
  playerListWindow: {fileID: 0}
  player1Name: {fileID: 0}
  player2Name: {fileID: 0}
  player1Health: {fileID: 0}
  player2Health: {fileID: 0}
  player1HealthSlider: {fileID: 0}
  player2HealthSlider: {fileID: 0}
  magicText: {fileID: 0}
  magicSlider: {fileID: 0}
  messageWindow: {fileID: 0}
  gameUI: {fileID: 0}
  cameraScript: {fileID: 0}
  cameraPositions:
  - {fileID: 0}
  - {fileID: 0}
  - {fileID: 0}
  textDisplayer: {fileID: 0}
  startSound: {fileID: 0}
  blueBase: {fileID: 0}
  redBase: {fileID: 0}
  ignoreLayer:
    serializedVersion: 2
    m_Bits: 2
  constants: {fileID: 0}
