%YAML 1.1
%TAG !u! tag:unity3d.com,2011:
--- !u!1001 &100100000
Prefab:
  m_ObjectHideFlags: 1
  serializedVersion: 2
  m_Modification:
    m_TransformParent: {fileID: 0}
    m_Modifications: []
    m_RemovedComponents: []
  m_ParentPrefab: {fileID: 0}
  m_RootGameObject: {fileID: 1000010189334764}
  m_IsPrefabParent: 1
--- !u!1 &1000010189334764
GameObject:
  m_ObjectHideFlags: 0
  m_PrefabParentObject: {fileID: 0}
  m_PrefabInternal: {fileID: 100100000}
  serializedVersion: 4
  m_Component:
  - 4: {fileID: 4000012193814668}
  - 119: {fileID: 119000010638249652}
  - 114: {fileID: 114000012503534986}
  m_Layer: 0
  m_Name: For Loot and Glory
  m_TagString: Untagged
  m_Icon: {fileID: 0}
  m_NavMeshLayer: 0
  m_StaticEditorFlags: 0
  m_IsActive: 1
--- !u!1 &1000012191137046
GameObject:
  m_ObjectHideFlags: 0
  m_PrefabParentObject: {fileID: 0}
  m_PrefabInternal: {fileID: 100100000}
  serializedVersion: 4
  m_Component:
  - 4: {fileID: 4000012724339686}
  - 119: {fileID: 119000011580011818}
  m_Layer: 0
  m_Name: Extra projector
  m_TagString: Untagged
  m_Icon: {fileID: 0}
  m_NavMeshLayer: 0
  m_StaticEditorFlags: 0
  m_IsActive: 1
--- !u!4 &4000012193814668
Transform:
  m_ObjectHideFlags: 1
  m_PrefabParentObject: {fileID: 0}
  m_PrefabInternal: {fileID: 100100000}
  m_GameObject: {fileID: 1000010189334764}
  m_LocalRotation: {x: 0.7071068, y: 0, z: 0, w: 0.7071068}
  m_LocalPosition: {x: 356.82144, y: 59.80774, z: 245.43161}
  m_LocalScale: {x: 1, y: 1, z: 1}
  m_LocalEulerAnglesHint: {x: 90, y: 0, z: 0}
  m_Children:
  - {fileID: 4000012724339686}
  m_Father: {fileID: 0}
  m_RootOrder: 0
--- !u!4 &4000012724339686
Transform:
  m_ObjectHideFlags: 1
  m_PrefabParentObject: {fileID: 0}
  m_PrefabInternal: {fileID: 100100000}
  m_GameObject: {fileID: 1000012191137046}
  m_LocalRotation: {x: -0, y: -0, z: -0, w: 1}
  m_LocalPosition: {x: -298.82144, y: -160.83162, z: 0.007751465}
  m_LocalScale: {x: 1, y: 1, z: 1}
  m_LocalEulerAnglesHint: {x: 0, y: 0, z: 0}
  m_Children: []
  m_Father: {fileID: 4000012193814668}
  m_RootOrder: 0
--- !u!114 &114000012503534986
MonoBehaviour:
  m_ObjectHideFlags: 1
  m_PrefabParentObject: {fileID: 0}
  m_PrefabInternal: {fileID: 100100000}
  m_GameObject: {fileID: 1000010189334764}
  m_Enabled: 1
  m_EditorHideFlags: 0
  m_Script: {fileID: 11500000, guid: b8fb1c4699c81114cae84e229a778b92, type: 3}
  m_Name: 
  m_EditorClassIdentifier: 
  statChange: 1
--- !u!119 &119000010638249652
Projector:
  m_ObjectHideFlags: 1
  m_PrefabParentObject: {fileID: 0}
  m_PrefabInternal: {fileID: 100100000}
  m_GameObject: {fileID: 1000010189334764}
  m_Enabled: 1
  serializedVersion: 2
  m_NearClipPlane: -10
  m_FarClipPlane: 100
  m_FieldOfView: 60
  m_AspectRatio: 1
  m_Orthographic: 1
  m_OrthographicSize: 25
  m_Material: {fileID: 2100000, guid: c8c80c5b03f5c7e40b07eb2170e667e5, type: 2}
  m_IgnoreLayers:
    serializedVersion: 2
    m_Bits: 0
--- !u!119 &119000011580011818
Projector:
  m_ObjectHideFlags: 1
  m_PrefabParentObject: {fileID: 0}
  m_PrefabInternal: {fileID: 100100000}
  m_GameObject: {fileID: 1000012191137046}
  m_Enabled: 1
  serializedVersion: 2
  m_NearClipPlane: -10
  m_FarClipPlane: 100
  m_FieldOfView: 60
  m_AspectRatio: 1
  m_Orthographic: 1
  m_OrthographicSize: 25
  m_Material: {fileID: 2100000, guid: c8c80c5b03f5c7e40b07eb2170e667e5, type: 2}
  m_IgnoreLayers:
    serializedVersion: 2
    m_Bits: 0
